% Encoding: UTF-8

@misc{BritannicaTSP,
  author       = {Gloria Lotha},
  year         = {2019},
  month        = May,
  lastaccessed = {12 Jun 2023},
  title        = {Traveling Salesman Problem},
  url          = {https://www.britannica.com/science/traveling-salesman-problem}
}

@misc{imageTSP,
  title        = {
                  The Travelling Salesman Problem Pdf},
  year         = {2016},
  lastaccessed = {12 Jun 2023},
  url          = {http://turborutor.weebly.com/blog/the-travelling-salesman-problem-pdf}
}

@misc{naturedInspiredTSP,
  author       = {Eneko Osaba, Xin-She Yang and Javier Del Ser},
  title        = {Chapter 9 - Traveling salesman problem: a perspective review of recent research and new results with bio-inspired metaheuristics},
  year         = {2020},
  lastaccessed = {14 Jun 2023},
  url          = {https://www.sciencedirect.com/science/article/abs/pii/B9780128197141000208}
}

@misc{CSPFormulation,
  author       = {Brian C. Williams},
  title        = {Constraint Satisfaction Problems},
  year         = {2004},
  lastaccessed = {14 Jun 2023},
  url          = {http://web.mit.edu/16.410/www/lectures_fall04/l10_constraints_handout.pdf}
}

@misc{MSCSP,
  author       = {Milos Simic},
  title        = {How to Solve Constraint Satisfaction Problems},
  year         = {2022},
  lastaccessed = {14 Jun 2023},
  url          = {https://www.baeldung.com/cs/csp}
}

@misc{chocoSolver,
  title = {Choco Solver},
  year  = {2023},
  url   = {https://choco-solver.org/}
}

@Comment{jabref-meta: databaseType:bibtex;}
